/Users/fukuta-mil/Dropbox/Bibliography/library.bib