%% 深層学習

@article{hinton2012improving,
  title={Improving neural networks by preventing co-adaptation of feature detectors},
  author={Hinton, Geoffrey E and Srivastava, Nitish and Krizhevsky, Alex and Sutskever, Ilya and Salakhutdinov, Ruslan R},
  journal={arXiv preprint arXiv:1207.0580},
  year={2012}
}

@article{srivastava2014dropout,
  title={Dropout: a simple way to prevent neural networks from overfitting.},
  author={Srivastava, Nitish and Hinton, Geoffrey E and Krizhevsky, Alex and Sutskever, Ilya and Salakhutdinov, Ruslan},
  journal={Journal of machine learning research},
  volume={15},
  number={1},
  pages={1929--1958},
  year={2014}
}

@inproceedings{gao2016compact,
  title={Compact bilinear pooling},
  author={Gao, Yang and Beijbom, Oscar and Zhang, Ning and Darrell, Trevor},
  booktitle={Proceedings of the IEEE Conference on Computer Vision and Pattern Recognition},
  pages={317--326},
  year={2016}
}

%%% 病理まとめ系
@article{pantanowitz2010digital,
  title={Digital images and the future of digital pathology},
  author={Pantanowitz, Liron},
  journal={Journal of pathology informatics},
  volume={1},
  year={2010},
  publisher={Medknow Publications}
}

@article{gurcan2009histopathological,
  title={Histopathological image analysis: A review},
  author={Gurcan, Metin N and Boucheron, Laura E and Can, Ali and Madabhushi, Anant and Rajpoot, Nasir M and Yener, Bulent},
  journal={IEEE reviews in biomedical engineering},
  volume={2},
  pages={147--171},
  year={2009},
  publisher={IEEE}
}

@article{komuraishikawa,
  author    = {Daisuke Komura and
               Shumpei Ishikawa},
  title     = {Machine learning methods for histopathological image analysis},
  journal   = {CoRR},
  volume    = {abs/1709.00786},
  year      = {2017},
  url       = {http://arxiv.org/abs/1709.00786},
  archivePrefix = {arXiv},
  eprint    = {1709.00786},
  timestamp = {Thu, 05 Oct 2017 09:42:47 +0200},
  biburl    = {http://dblp.org/rec/bib/journals/corr/abs-1709-00786},
  bibsource = {dblp computer science bibliography, http://dblp.org}
}

@article{litjens2017survey,
  title={A survey on deep learning in medical image analysis},
  author={Litjens, Geert and Kooi, Thijs and Bejnordi, Babak Ehteshami and Setio, Arnaud Arindra Adiyoso and Ciompi, Francesco and Ghafoorian, Mohsen and van der Laak, Jeroen AWM and van Ginneken, Bram and S{\'a}nchez, Clara I},
  journal={arXiv preprint arXiv:1702.05747},
  year={2017}
}

% camelyon
@online{Camelyon17,
  author = {Geessink, Oscar and B{\'a}ndi, P{\'e}ter and Litjens, Geert and {van der Laak}, Jeroen},
  title = {CAMELYON17: Grand challenge on cancer metastasis detection and classification in lymph nodes},
  year = 2017,
  url = {https://camelyon17.grand-challenge.org},
  urldate = {2017-04-05}
}

@online{Camelyon16,
  author = {{Ehteshami Bejnordi}, Babak and {van der Laak}, Jeroen},
  title = {CAMELYON16: Grand challenge on cancer metastasis detection in lymph nodes},
  year = 2016,
  url = {https://camelyon16.grand-challenge.org},
  urldate = {2017-04-05}
}

%%% 病理×画像解析
@inproceedings{doyle2008automated,
  title={Automated grading of breast cancer histopathology using spectral clustering with textural and architectural image features},
  author={Doyle, Scott and Agner, Shannon and Madabhushi, Anant and Feldman, Michael and Tomaszewski, John},
  booktitle={Biomedical Imaging: From Nano to Macro, 2008. ISBI 2008. 5th IEEE International Symposium on},
  pages={496--499},
  year={2008},
  organization={IEEE}
}
@article{dundar2011computerized,
  title={Computerized classification of intraductal breast lesions using histopathological images},
  author={Dundar, M Murat and Badve, Sunil and Bilgin, Gokhan and Raykar, Vikas and Jain, Rohit and Sertel, Olcay and Gurcan, Metin N},
  journal={IEEE Transactions on Biomedical Engineering},
  volume={58},
  number={7},
  pages={1977--1984},
  year={2011},
  publisher={IEEE}
}

%%% 病理×active
@article{nalisnik2017interactive,
  title={Interactive Phenotyping Of Large-Scale Histology Imaging Data With HistomicsML},
  author={Nalisnik, Michael and Amgad, Mohamed and Lee, Sanghoon and Halani, Sameer H and Vega, Jose Velazquez and Brat, Daniel J and Gutman, David A and Cooper, Lee AD},
  journal={bioRxiv},
  pages={140236},
  year={2017},
  publisher={Cold Spring Harbor Labs Journals}
}

@article{padmanabhan2014active,
  title={An active learning approach for rapid characterization of endothelial cells in human tumors},
  author={Padmanabhan, Raghav K and Somasundar, Vinay H and Griffith, Sandra D and Zhu, Jianliang and Samoyedny, Drew and Tan, Kay See and Hu, Jiahao and Liao, Xuejun and Carin, Lawrence and Yoon, Sam S and others},
  journal={PloS one},
  volume={9},
  number={3},
  pages={e90495},
  year={2014},
  publisher={Public Library of Science}
}

@inproceedings{zhu2014scalable,
  title={Scalable histopathological image analysis via active learning},
  author={Zhu, Yan and Zhang, Shaoting and Liu, Wei and Metaxas, Dimitris N},
  booktitle={International Conference on Medical Image Computing and Computer-Assisted Intervention},
  pages={369--376},
  year={2014},
  organization={Springer}
}

@article{doyle2011active,
  title={An active learning based classification strategy for the minority class problem: application to histopathology annotation},
  author={Doyle, Scott and Monaco, James and Feldman, Michael and Tomaszewski, John and Madabhushi, Anant},
  journal={BMC bioinformatics},
  volume={12},
  number={1},
  pages={424},
  year={2011},
  publisher={BioMed Central}
}

%%% Active Learning

@inproceedings{seung1992query,
  title={Query by committee},
  author={Seung, H Sebastian and Opper, Manfred and Sompolinsky, Haim},
  booktitle={Proceedings of the fifth annual workshop on Computational learning theory},
  pages={287--294},
  year={1992},
  organization={ACM}
}

%% batch active 
@inproceedings{brinker2003incorporating,
  title={Incorporating diversity in active learning with support vector machines},
  author={Brinker, Klaus},
  booktitle={Proceedings of the 20th International Conference on Machine Learning (ICML-03)},
  pages={59--66},
  year={2003}
}
@inproceedings{chen2013near,
  title={Near-optimal Batch Mode Active Learning and Adaptive Submodular Optimization.},
  author={Chen, Yuxin and Krause, Andreas},
  booktitle={ICML (1)},
  pages={160--168},
  year={2013}
}

%% deep active learning
@INPROCEEDINGS{6889457, 
author={D. Wang and Y. Shang}, 
booktitle={2014 International Joint Conference on Neural Networks (IJCNN)}, 
title={A new active labeling method for deep learning}, 
year={2014}, 
volume={}, 
number={}, 
pages={112-119}, 
keywords={Boltzmann machines;learning (artificial intelligence);AL-DL;MNIST benchmark dataset;active labeling method;data selection;deep learning networks;least confidence;margin sampling;stacked autoencoders;stacked restricted Boltzmann machines;Classification algorithms;Entropy;Labeling;Measurement;Neural networks;Training;Uncertainty}, 
doi={10.1109/IJCNN.2014.6889457}, 
ISSN={2161-4393}, 
month={July},}

@inproceedings{li2016active,
  title={Active learning for hyperspectral image classification with a stacked autoencoders based neural network},
  author={Li, Jiming},
  booktitle={Image Processing (ICIP), 2016 IEEE International Conference on},
  pages={1062--1065},
  year={2016},
  organization={IEEE}
}
