@Article{McCarthy60,
  author = {John McCarthy},
  title = {Recursive functions of symbolic expressions and their computation by machine},
  journal = {Communications of the ACM},
  volume = {3},
  number = {4},
  pages = {184--195},
  year = {1960}
}
  
@article{92795,
 author = {Evgenia Sendova},
 title = {Are there rules for creative-teaching informatics?},
 journal = {T.H.E. Journal},
 volume = {17},
 number = {5},
 year = {1990},
 issn = {0192-592X},
 pages = {68--70},
 publisher = {T.H.E. Journal},
 address = {Tustin, CA, USA},
 }

@Book{Knuth86,
  title =	 {The \TeX book},
  juratitle =	 {\TeX book},
  address =	 {Reading, MA},
  year =	 1986,
  author =	 {Donald Knuth},
  juraauthor =	 {Knuth},
  publisher =	 {Addison-Wesley}
}

@inproceedings{BollenHHJ07,
  author    = {Lars Bollen and
               Andreas Harrer and
               Heinz Ulrich Hoppe and
               Wouter R. van Joolingen},
  title     = {A Broker Architecture for Integration of Heterogeneous Applications
               for Inquiry Learning},
  booktitle     = {Proceedings of the 7th IEEE International Conference on
               Advanced Learning Technologies},
  year      = {2007},
  pages     = {15-17},
}

@book{Okumura07,
    author    = "奥村 晴彦",
    yomi      = "Haruhiko Okumura",
    title     = "［改訂第4版］{\LaTeXe}美文書作成入門",
    publisher = "技術評論社",
    isbn      = "978-4-7741-2984-6",
    year      = 2007,
}

@Article{ON06,
  title = {情報空間におけるセキュリティとセンシング},
  author = {沖野 浩二 and 南保 英孝},
  journal = {電気学会誌},
  volume = {126},
  number = {1},
  year = {2006},
  pages = {20--23}
}

@misc{CI08,
  title = {創造情報学専攻ウェブページ},
  howpublished = {\url{http://www.ci.i.u-tokyo.ac.jp/top/index.html}},
  year = {2008}
}

@misc{CI08e,
  title = {{Creative Informatics} web page},
  howpublished = {\url{http://www.ci.i.u-tokyo.ac.jp/top/index.html}},
  year = {2008}
}
